<record><leader>00000cas a22000007a 4500</leader><controlfield tag="001">14989142</controlfield><controlfield tag="008">861218d18501850pauwr ne      0    0eng d</controlfield><datafield ind1=" " ind2=" " tag="010"><subfield code="a">sn 86083440 </subfield></datafield><datafield ind1=" " ind2=" " tag="040"><subfield code="a">NPH</subfield><subfield code="b">eng</subfield><subfield code="c">NPH</subfield><subfield code="d">OCLCQ</subfield><subfield code="d">DLC</subfield></datafield><datafield ind1=" " ind2=" " tag="042"><subfield code="a">msc</subfield></datafield><datafield ind1="0" ind2="0" tag="245"><subfield code="a">Lewisburg chronicle, and West Branch farmer.</subfield></datafield><datafield ind1="3" ind2="0" tag="246"><subfield code="a">Farmer</subfield></datafield><datafield ind1=" " ind2=" " tag="260"><subfield code="a">Lewisburg, Pa. :</subfield><subfield code="b">H.C. Hickok,</subfield><subfield code="c">1850.</subfield></datafield><datafield ind1=" " ind2=" " tag="300"><subfield code="a">1 v. ;</subfield><subfield code="c">57 cm.</subfield></datafield><datafield ind1=" " ind2=" " tag="310"><subfield code="a">Weekly</subfield></datafield><datafield ind1="0" ind2=" " tag="362"><subfield code="a">Vol. 6, no. 40 (Jan. 2, 1850)-v. 6, no. 52 (Mar. 27, 1850) = no. 300-312.</subfield></datafield><datafield ind1=" " ind2=" " tag="752"><subfield code="a">United States</subfield><subfield code="b">Pennsylvania</subfield><subfield code="c">Union</subfield><subfield code="d">Lewisburg.</subfield></datafield><datafield ind1="0" ind2="0" tag="780"><subfield code="t">Lewisburg chronicle, and the West Branch farmer</subfield><subfield code="w">(DLC)sn 85055199</subfield></datafield><datafield ind1="0" ind2="0" tag="785"><subfield code="t">Lewisburg chronicle (Lewisburg, Pa. : 1850)</subfield><subfield code="x">2333-1666</subfield><subfield code="w">(DLC)sn 85055197</subfield><subfield code="w">(OCoLC)12920406</subfield></datafield></record>